2184 3592
804 248 1120 295 matrimonii
1164 242 1273 295 eam
1317 246 1500 304 flexit,
1560 256 1677 294 tnnc
1728 253 1880 292 teneti

803 321 913 356 eam
945 340 961 368 ,
1008 310 1124 368 quia
1158 310 1209 356 in
1240 309 1378 356 omni
1423 305 1674 354 contra-stu
1703 338 1720 365 ‚
1780 306 1864 353 ubi

800 379 940 427 parte
983 370 1066 418 sua
1112 371 1378 429 acceptavit
1406 399 1423 426 ‚
1467 371 1511 416 &
1546 368 1768 426 implevit
1800 399 1817 426 ,
1866 377 1880 413 1

803 433 929 478 alter
977 433 1175 490 implere
1207 462 1223 487 ‚
1283 430 1470 476 etiamsi
1523 428 1624 475 fuste
1673 438 1880 475 cotraxe1

804 493 1061 539 tenebatur
1100 508 1159 538 ex
1194 490 1374 548 justitia
1406 506 1520 537 vere
1553 490 1871 548 contrahere,

800 553 883 610 qui
927 554 1097 599 omnia
1144 554 1355 612 human-a
1389 552 1686 600 commercia
1725 549 1880 598 fraudi

802 623 941 660 rent.
980 614 1043 662 Et
1078 616 1127 663 id
1162 614 1363 674 quidem
1396 627 1566 662 verum
1602 611 1702 671 est,
1728 611 1880 658 etiam

803 680 883 721 tor
914 675 1202 736 religionem
1237 674 1438 723 voviffet
1462 704 1476 719 .
1511 672 1633 722 Leff·
1666 673 1701 722 1.
1728 685 1769 720 2.
1786 687 1824 722 c.
1848 686 1880 720 ιι

800 745 847 791 4.
880 734 1045 783 Trull.
1079 736 1186 793 d.3.
1667 781 1674 788 .

869 805 911 851 ς.
947 797 1064 850 Non
1108 807 1277 845 tamen
1311 805 1504 846 tenetur
1545 793 1683 845 flans
1725 795 1880 856 promi

802 851 975 902 ducere
1021 857 1125 905 casu
1154 888 1172 915 ‚
1204 870 1302 917 qm
1338 871 1378 905 ι.
1432 858 1478 906 Is
1510 858 1719 918 puellam
1767 855 1880 905 v‘ald

801 914 918 961 liter
946 917 1227 966 conditione
1258 918 1545 975 excederet,
1577 920 1653 966 vel
1688 918 1847 966 verbis

802 971 1052 1025 fifflonem
1099 978 1241 1026 facile
1286 980 1649 1029 indicantibus.
1694 994 1740 1027 2.
1782 977 1834 1025 Si

800 1033 895 1082 scia
925 1036 1040 1085 effet
1081 1038 1294 1099 prandisti
1327 1041 1432 1089 voti
1455 1057 1475 1090 .·
1507 1041 1629 1100 quia·
1663 1049 1780 1088 tunc
1813 1035 1880 1099 ipi

798 1095 936 1145 xiffet
978 1100 1110 1148 mala
1157 1100 1251 1149 fide
1280 1131 1294 1147 .
1346 1114 1388 1160 3.
1418 1101 1467 1149 Si
1500 1100 1596 1161 ipse
1626 1101 1821 1162 putavit
1864 1114 1880 1146 ε

794 1169 910 1205 nem
939 1190 957 1218 ‚
1001 1175 1112 1210 cum
1154 1172 1323 1211 tamen
1351 1178 1454 1213 non
1484 1161 1602 1210 effet
1634 1194 1648 1210 .
1680 1176 1729 1220 4.
1774 1160 1825 1209 Si
1857 1175 1880 1207 e

797 1221 971 1269 monio
1001 1237 1152 1283 grave
1191 1225 1428 1274 damnum
1456 1256 1473 1282 ‚
1506 1234 1589 1273 aut
1624 1221 1880 1272 scandalum

798 1290 912 1329 tur.
945 1287 991 1330 6.
1025 1285 1075 1332 Si
1110 1285 1205 1346 ipse
1236 1281 1334 1347 jam
1368 1286 1512 1335 sacris
1544 1285 1767 1333 initiatus
1796 1282 1866 1331 est

796 1343 894 1390 teri
927 1348 1247 1396 matrimonio
1276 1348 1530 1407 copulatus
1552 1356 1703 1408 3tunc
1735 1345 1873 1393 enim

797 1401 888 1451 bus
921 1404 1073 1455 solum
1110 1419 1359 1457 teneretur
1390 1423 1556 1457 curare
1584 1439 1603 1467 ‚
1632 1415 1686 1454 ut
1719 1419 1849 1465 aeque
1877 1433 1880 1445 ι

796 1464 979 1522 nubat,
1012 1468 1164 1517 modo
1191 1481 1304 1518 ante
1332 1467 1494 1530 disto,
1524 1468 1689 1518 dando
1717 1467 1873 1515 scilice

788 1525 872 1633 ἵει
905 1526 1056 1639 alite}
1081 1557 1094 1572 ·
1146 1528 1318 1580 Sanch.
1356 1545 1394 1579 ι.
1427 1531 1487 1582 de
1518 1527 1720 1581 matr-d·
1748 1542 1822 1577 10·
1837 1529 1872 1578 l·

812 1613 824 1627 ο
837 1596 884 1643 7ο
900 1599 938 1635 ct
959 1598 999 1644 ⁹·
1056 1618 1070 1633 ο
1087 1599 1135 1647 3.

1086 1712 1720 1767 ARTI'CULUS
1783 1715 1846 1765 V.
