2184 3592
206 550 309 625 quam
322 514 511 616 inciderat)
525 543 562 595 ut
573 512 722 622 plurium
736 546 791 636 me
803 546 877 623 pre·

207 652 263 699 ces
283 622 468 698 identidem
485 621 792 723 urgerent,&vir1
807 650 877 697 rna-

204 722 296 801 rr‘imi
308 722 515 814 auotoritas,
534 706 745 835 dignitasque
757 721 878 825 impel-

208 830 293 899 leret
308 880 319 915 ,
333 852 371 899 ac
386 823 529 923 denique
541 808 645 897 e'tratn
656 822 877 922 superiorum

211 925 581 1023 juberetvoluntas,ut
594 922 721 1025 publici
738 924 880 1023 jurisfa·

210 1023 462 1099 ocrem.Lima
476 1022 532 1099 hic
553 1023 668 1125 aliqua
688 1052 773 1126 opus
792 1024 879 1119 fuit,

210 1124 498 1229 aquaperfestiot
517 1125 668 1228 prodiret
686 1125 721 1200 in
743 1127 878 1220 lucem,

232 1252 348 1326 uaeque
374 1226 573 1302 Audieram
599 1224 772 1318 nomina,
800 1252 877 1303 ante

207 1254 597 1428 defiderata,quotqttot
607 1324 643 1400 in
654 1351 814 1427 promptu
834 1329 879 1403 es-

211 1426 512 1527 sent,adjungeret
525 1426 538 1522 (
550 1426 710 1524 adjunsta
722 1425 798 1501 sunt
821 1456 878 1504 au·

212 1551 282 1602 tem
303 1528 367 1602 hac
388 1527 493 1605 alceta
502 1524 653 1603 editione
672 1529 878 1630 quampluri·

212 1626 316 1722 ma).
340 1631 445 1704 Nunc
472 1626 651 1704 confilium
674 1653 716 1703 tn
739 1656 879 1722 meum,

214 1732 249 1803 δε
269 1728 423 1803 ordinem
449 1728 584 1826 accipe.
612 1732 710 1804 Noto
737 1728 878 1805 nomine

213 1828 319 1903 Casus
341 1825 567 1905 Conscientiae
597 1829 730 1929 appello
768 1830 878 1904 varias

212 1927 336 2029 species
356 1928 546 2018 sadiomm,
567 1927 607 2001 de
627 1926 750 2029 quihus
768 1927 803 2001 in
827 1931 878 2003 so·

213 2056 253 2102 ro
276 2027 486 2103 conscientiae
508 2029 609 2123 judex
630 2029 790 2104 Sacerdos
811 2028 880 2104 sen·

214 2127 356 2205 tentiam
381 2127 471 2205 ditat
500 2154 657 2229 oportet,
679 2154 778 2230 atque
800 2135 878 2223 vel,

214 2254 251 2304 ut
271 2229 429 2322 honesta,
447 2231 634 2332 approbet,
656 2232 711 2305 vel
731 2256 795 2322 ,ut
809 2257 880 2305 tur·

213 2329 291 2441 pia,
304 2331 530 2409 condemnet.
552 2329 673 2406 Medio
694 2330 880 2408 tutiffrmus

213 2456 344 2522 iturus,
366 2454 518 2505 extrema
538 2432 615 2528 plus
634 2456 729 2530 aequo
754 2433 809 2505 vel
835 2433 881 2507 la·

214 2559 280 2621 xa,
304 2531 361 2607 vel
380 2530 516 2631 anguste
533 2527 703 2605 declinare
725 2528 799 2606 sum
826 2558 884 2610 co·

213 2657 333 2711 natus.
361 2630 467 2725 Quod
488 2630 513 2709 st
532 2633 667 2731 quando
688 2631 880 2726 declarem,

215 2730 272 2805 ubi
303 2732 472 2807 Dodioter
510 2731 668 2807 nonnulli
701 2732 881 2834 benignius

213 2829 396 2923 demerim,
416 2860 486 2907 non
497 2830 575 2909 ideo
587 2833 695 2932 probo
710 2887 721 2923 ,
739 2836 794 2906 vel
808 2833 879 2909 sua.

215 2933 300 3024 deo,
326 2931 381 3008 sed
403 2931 489 3009 illud
515 2934 657 3025 affero,·
682 2930 769 3009 unde
795 2961 880 3010 non.

213 3058 390 3133 nunquam
399 3031 882 3134 prudentejuditioconfcien.

201 3130 263 3211 trie
285 3135 456 3227 rector,
486 3137 543 3215 vel
568 3116 754 3221 Constiltor
780 3134 879 3236 dispi-

760 3235 847 3320 nint,
