2184 3592
246 457 293 515 m
418 446 652 512 mmmm
864 418 915 491 ὼ

214 529 262 580 que
270 515 392 565 veriorem
400 511 674 583 contraria-lebiu.
682 509 828 577 patrunus.
879 545 882 554 .
893 501 915 536 ¹²·

204 621 206 626 .
245 591 269 636 7.
290 577 327 626 Ut
343 573 549 634 devote,&cum
563 583 702 630 attentione
718 523 860 636 lateraqiss
887 607 890 618 .

217 639 284 688 tuali
300 637 402 696 saltem,
418 634 569 692 recitentur,
584 631 678 682 five-ea
693 631 726 682 ad
742 631 815 682 Deum
826 635 864 692 lit,
888 669 892 678 .
911 633 915 652 ¹

216 698 269 747 live
285 698 315 747 erl
332 695 426 744 sensum
442 695 598 754 verborum,
620 693 737 753 lite,ut
752 689 861 754 aitcaiit
896 685 915 718 h

217 761 251 806 ad
267 759 339 806 verba
355 756 446 804 solum·
463 755 544 815 Quam
561 754 708 816 postremam
720 731 915 840 sufficerent-,iffi

219 818 257 868 Re
273 828 342 867 notat
358 817 416 864 Lell·
433 815 557 875 supposito
570 825 654 863 tamen
671 816 758 863 auimo
771 815 861 876 orandi,
875 819 888 852 ι·

218 876 453 929 trunculorum.
476 875 551 925 Unde
572 876 739 925 attentionem
759 875 863 926 connum
900 915 915 926 ..

219 940 305 988 saltem
320 938 351 985 ad
369 938 450 986 Deum
469 969 478 997 ,
496 939 519 985 lle
534 935 565 985 ad
583 937 660 985 verba
675 936 800 997 includit,
821 951 865 986 tun
891 927 915 982 Ρ

218 999 312 1059 alioqui
337 998 448 1047 attentio
470 997 564 1058 precise
595 998 624 1045 ad
656 997 706 1046 sola
728 998 799 1046 verba
815 997 865 1048 uiltil
887 992 915 1040 :²

218 1062 252 1109 ab
274 1067 376 1108 externe
397 1060 535 1108 attentione
559 1055 657 1106 differre
678 1057 811 1108 videatur.
837 1059 866 1108 lu
895 1037 915 1084 L

218 1121 389 1169 communiter
412 1129 500 1168 contra
520 1119 612 1191 llavar·
633 1117 701 1182 Sylt·
719 1121 742 1168 ἃ
757 1115 867 1228 (ἰοἿι4

221 1183 318 1231 nullam
343 1181 509 1230 attentionem
534 1189 656 1228 internam
673 1189 820 1240 requirunt,

219 1253 320 1292 tuntum
334 1251 547 1300 externumque
562 1240 677 1290 excludat
693 1255 795 1290 omnem
807 1237 866 1291 ustio
893 1235 915 1310 ‚¹

220 1319 279 1352 nem
295 1301 511 1362 incompuffibilem
527 1316 583 1349 curn
600 1303 744 1351 attentione
766 1303 866 1361 interna,
894 1339 897 1352 .

220 1365 280 1414 lieet
310 1365 395 1414 auimo
424 1363 564 1411 voluntarie
596 1364 691 1411 interea
722 1361 867 1412 distraham·
894 1353 915 1388 '¹

223 1425 286 1485 Qua
308 1422 453 1484 sententia,
474 1422 603 1472 secundum
624 1425 764 1485 Laymanu.
783 1425 805 1473 tr
821 1421 868 1472 lat
894 1405 915 1448 'h

221 1485 322 1533 nonest
346 1484 513 1545 improbabilis
530 1498 540 1544 ;
562 1485 670 1534 &utilis
685 1494 740 1533 tum
764 1484 866 1546 scrupulo·

222 1546 253 1596 sts
269 1577 278 1605 ,
301 1558 355 1595 tum
382 1545 556 1604 confellariia,
576 1560 608 1592 ue
622 1544 773 1594 beneficiatia
785 1545 829 1594 stne
842 1555 869 1593 at·
895 1579 915 1608 .-

222 1607 337 1656 tentione
358 1607 439 1655 Horas
463 1606 619 1655 recitantibus
642 1607 763 1666 imperent
791 1605 868 1656 rellitu·
891 1615 915 1686 ἰ

223 1669 320 1715 tionem
338 1666 457 1716 fructuum
473 1698 481 1727 ,
501 1667 594 1726 partim
610 1666 643 1714 ob
659 1665 791 1716 Dotiorum
806 1665 869 1716 auilu·
893 1711 902 1722 ,

224 1729 346 1784 ritatem,
378 1729 470 1787 partim
496 1725 560 1787 quod
583 1728 629 1775 hoc
650 1739 774 1787 praeopto
790 1737 869 1777 tantun
894 1731 915 1804 ζ,

223 1789 366 1835 materiales
381 1789 488 1846 quadam
506 1802 608 1849 preces,
631 1802 763 1849 earumque
783 1800 870 1837 externa
894 1829 915 1842 h

222 1847 393 1907 pronuntiatio
415 1850 429 1907 (
448 1865 490 1908 per
512 1863 586 1909 quam
603 1848 693 1921 ,licut
715 1864 759 1956 {er
783 1849 871 1897 hmuut
898 1851 915 1918 r-

222 1908 694 2030 tlsstltillitatill‘lillll
709 2001 718 2028 ,
733 1912 873 2040 titali:
900 1949 915 2038 ’-

224 2046 253 2078 ro
275 2041 390 2089 tanquam
415 2030 470 2078 finis
485 2032 596 2091 pracepti
618 2029 765 2079 extrinsecus
789 2034 872 2087 aderat
903 2069 915 2082 .

224 2090 378 2139 substantiam
396 2107 448 2140 non
463 2093 602 2151 pertineat·
627 2094 718 2141 Verum
735 2093 818 2141 nollra
834 2093 875 2140 sen·

225 2154 309 2200 tentia
324 2151 356 2199 eli
373 2153 545 2211 communior,
561 2156 584 2201 lle
600 2152 764 2212 probabilior.
788 2154 818 2202 Et

225 2215 295 2262 batur
314 2230 321 2272 ;
340 2213 389 2261 fine
405 2214 518 2261 oratione
533 2214 599 2260 enim
616 2213 713 2261 interna
728 2216 824 2263 rutilae
857 2229 877 2262 o·

223 2276 288 2322 ratio
308 2290 318 2336 ‚·
337 2288 395 2333 ergo
410 2275 456 2321 hoc
470 2273 522 2333 ipso
536 2305 544 2331 ,
560 2274 624 2333 quod
640 2272 682 2321 sub
697 2276 799 2323 mortali
814 2275 842 2323 ud
855 2290 878 2322 o·

224 2336 343 2383 rationem
360 2335 500 2394 obligaris,
523 2333 565 2383 sub
590 2335 689 2382 mortali
711 2337 773 2383 item
796 2335 877 2383 adali·

225 2409 297 2452 quam
321 2397 485 2443 attentionem
516 2410 547 2442 ex
569 2392 688 2455 praedialis
717 2396 878 2454 obligaberiu.

188 2469 191 2476 ·
225 2455 279 2502 Nec
303 2457 375 2504 refert
391 2455 477 2517 ‚quod
493 2456 598 2504 Ecclesia
614 2470 663 2503 non
680 2453 749 2514 posfit
766 2472 806 2514 per
821 2457 843 2504 se
858 2472 879 2504 a·

224 2513 401 2564 {iusiuternos
417 2516 563 2576 pracipere3
581 2516 656 2576 potest
674 2517 741 2564 enim
757 2519 880 2577 eospraeci·

222 2589 277 2633 pere
297 2607 306 2635 ,
328 2586 354 2623 ut
371 2577 424 2624 sunt
447 2575 571 2626 necessarii
586 2576 616 2624 ad
632 2574 698 2624 uetus
717 2588 830 2627 externos
845 2578 883 2625 de·

222 2636 274 2688 bite
292 2637 437 2696 prallandos
455 2669 463 2695 ,
489 2647 515 2685 ut
532 2637 586 2686 sunt
602 2636 667 2685 attus
683 2639 805 2686 virtutis.
829 2639 881 2698 Quo

222 2696 299 2744 modo
315 2713 369 2744 cum
387 2694 457 2757 puffit
474 2702 602 2759 ptaecipere
617 2695 792 2746 constffionem
806 2732 815 2758 ,
831 2711 881 2758 pot·

222 2755 257 2801 est
274 2758 347 2804 ctiam
365 2760 539 2806 contritionem
558 2790 564 2803 .
588 2760 663 2817 Dixi,
685 2775 738 2807 cum
754 2761 883 2811 attentione

219 2816 317 2865 interna
336 2819 439 2869 virtuali
451 2820 566 2879 saltem3
592 2819 641 2867 Etsi
659 2821 726 2867 enim
751 2824 841 2869 melior
855 2820 883 2869 lit

222 2875 349 2947 aliualis,
372 2878 459 2927 sufficit
478 2892 559 2928 tamen
581 2877 714 2928 virtualis:
741 2897 817 2941 quam
841 2883 884 2930 Bo·

223 2952 305 2985 nacrn.
328 2941 350 2987 a
372 2940 415 2987 alii
446 2942 611 2989 communiter
631 2941 716 2988 dicunt
741 2957 841 2991 manere
856 2957 885 2989 ex

217 2997 304 3046 attunt
328 3030 337 3056 ,
366 3000 482 3059 quamdiu
515 3018 564 3049 non
597 3011 723 3049 revocatur
755 3002 884 3064 exprelle,

219 3062 258 3105 vel
291 3062 366 3108 tacite
398 3076 440 3119 pet
471 3061 652 3110 distractionem
685 3065 882 3121 voluntariam,

217 3121 255 3166 uel
304 3120 426 3169 antonem
466 3138 521 3171 tum
553 3122 635 3171 debita
673 3126 816 3173 attentione
848 3126 881 3171 in·

204 3182 407 3247 conrpolsrbileut
437 3214 445 3231 ι
498 3181 575 3234 tinne
617 3185 679 3231 litet
707 3184 886 3286 *wimiis*
