2184 3592
234 485 264 539 aa
346 468 401 522 Lib.
416 469 438 517 Ι.
455 468 536 521 Teati.
552 466 575 515 Ι.
592 465 650 530 Cap.
666 464 719 513 m.

201 547 248 594 que
263 536 347 582 tamen
364 547 424 592 opus
438 531 472 579 est
488 563 497 590 ‚
518 542 545 580 nt
566 530 596 578 ad
612 530 719 590 singulos
738 524 803 576 adina
818 527 871 580 sot·

203 605 288 644 metiar
305 595 350 642 hoc
366 592 500 652 expressum
516 588 647 650 indicium,
661 589 727 649 quod
738 588 871 650 iitscrupu·

203 657 258 704 lus:
276 654 315 705 sed
330 654 436 712 sufficit,
452 652 515 712 quod
530 663 681 702 contraeum
694 660 780 711 agatur
788 653 872 701 eaha-

205 712 312 776 bituali,
326 716 366 764 vel
382 711 598 772 virtualiindicio‚
614 712 645 761 ab
652 712 804 773 experientia
813 727 873 771 prae·

205 777 335 826 teritorum
349 775 459 825 aeduum·
480 773 615 832 nationi,
628 773 824 833 quiatalisnuili
849 788 873 820 e·

206 840 288 888 riculo
304 838 327 885 se
343 838 460 896 exponi13
477 852 532 885 cum
549 835 579 882 ad
597 833 816 894 bencopetandum
826 791 875 883 dn·

209 898 276 948 ficiat
293 896 408 958 judicium
423 898 547 956 probabile
563 894 656 957 aliquid
671 896 762 943 licere:
779 894 874 955 scrupu-

209 963 249 1009 lua
264 970 345 1007 autem
361 990 371 1016 ‚
388 973 444 1007 cum
458 975 489 1007 ea
503 960 552 1007 levi
569 957 729 1005 fundamento
746 956 875 1016 procedat,

209 1036 264 1070 non
280 1020 349 1068 toiiit
366 1018 483 1077 iudicium
499 1016 633 1080 preditum
650 1017 789 1078 probabile.
804 1016 874 1066 Sanc.

210 1082 335 1133 hnc-10.
351 1082 413 1139 neg.
430 1081 518 1129 Becan.
537 1080 594 1127 Fili.
610 1096 634 1128 n.
655 1081 706 1137 ¹7⁶·

242 1142 314 1203 Resp·
331 1154 355 1198 3.
372 1140 446 1201 Signa
461 1140 621 1190 Conscientia:
638 1138 777 1199 scrupulosa
793 1139 849 1188 sunt
866 1153 874 1187 t

213 1219 236 1253 a.
252 1203 391 1252 Pertinacia
416 1200 500 1260 iudicii
521 1234 530 1260 ‚
552 1216 598 1261 qua
621 1199 746 1249 dodonam
770 1201 878 1249 confinis

213 1280 267 1315 non
283 1262 457 1325 acquiescunt:
483 1261 547 1312 unde
570 1263 651 1311 varios
671 1260 828 1321 consulunt,
855 1263 878 1310 a

213 1326 334 1387 fatigant,
350 1340 377 1373 ac
390 1324 489 1373 tandem
505 1324 598 1372 nullius
613 1321 700 1380 iudicio
720 1321 809 1391 stant,
833 1322 877 1370 nisa

215 1387 281 1438 suo.
302 1401 325 1437 a.
349 1386 386 1434 Ex
408 1387 458 1434 levi
475 1385 620 1444 appnentia
643 1382 754 1442 frequens
777 1383 879 1440 judicio-

213 1464 270 1498 rum
286 1448 414 1497 mutatio:
440 1447 505 1495 unde
529 1446 608 1494 oritur
629 1445 655 1491 in
678 1444 772 1501 agendo
795 1445 879 1495 incon·

215 1509 328 1557 stantia.
353 1507 391 1555 Sic
407 1522 431 1555 v·
444 1521 468 1567 g·
485 1506 511 1554 in
527 1507 601 1556 Horis
617 1506 726 1566 legendis
747 1505 880 1564 aliquando

215 1571 296 1618 decies
319 1568 448 1617 mutabunt
470 1564 586 1626 iudiciuin
608 1566 638 1615 de
662 1564 748 1625 ledo,
772 1570 810 1614 vel
828 1581 879 1615 non

217 1628 283 1679 ledo
297 1630 379 1688 aliquo
395 1628 523 1677 versiculo·
549 1642 571 1687 3.
587 1627 660 1689 Quod
676 1643 707 1675 cx
730 1628 809 1688 priore
826 1643 882 1687 pro-

220 1691 303 1752 cedit,
319 1692 457 1751 perturbate
478 1704 547 1750 agere
564 1721 573 1748 ‚
588 1694 611 1739 dc
633 1704 694 1737 caeeo
708 1688 815 1747 quodam
831 1703 883 1736 mo·

218 1754 252 1801 do
267 1753 292 1801 in
311 1753 420 1800 externis
435 1749 568 1800 adionibus
583 1750 687 1798 versari·
703 1764 726 1809 4.
744 1748 838 1798 Habere
847 1765 882 1796 re·

218 1815 337 1862 flexiones
352 1822 538 1870 extravagantes
557 1811 707 1859 infinitarum
724 1810 883 1859 circumstan-

217 1876 326 1922 tiarum.
352 1884 373 1932 ς.
391 1872 491 1921 Timere
507 1874 534 1920 in
550 1873 665 1921 omnibus
686 1882 831 1932 peccatum,
856 1886 883 1920 ac

216 1946 306 1983 contra
322 1933 481 1994 sapientum,
497 1937 521 1982 8ι
544 1934 669 1994 proprium
687 1933 746 1992 saepe
768 1930 883 1990 judicium

219 1994 267 2044 effe
287 1995 437 2054 inquietum.
454 1999 477 2042 6.
494 1994 519 2043 Si
536 1993 690 2043 confessarius
706 1991 795 2052 judicet
810 2003 835 2041 te
851 1991 885 2040 es·

220 2056 246 2104 se
264 2056 442 2114 scrupulosum.
464 2068 487 2114 7.
504 2055 533 2104 ln
550 2057 691 2116 particulari
707 2055 772 2115 signa
790 2053 885 2114 scrupu-

219 2118 241 2166 li
257 2116 377 2177 presentis
396 2116 451 2165 sunt
466 2118 517 2165 haec
532 2116 595 2165 duo.
620 2132 639 2165 i.
656 2116 681 2164 Si
698 2131 740 2176 per
756 2116 827 2164 iilum
843 2131 884 2163 ex·

220 2178 326 2240 periaric
341 2189 365 2225 te
382 2178 487 2227 nimium
503 2180 577 2239 angi,
594 2181 617 2227 dt
630 2177 735 2226 turbari·
755 2192 777 2224 a.
792 2175 817 2224 Si
825 2177 887 2224 alias

220 2248 334 2348 edxpertus
348 2239 394 2300 sie,
411 2250 435 2289 te
453 2239 542 2289 similia
559 2236 739 2301 apprehendisse
756 2237 806 2285 fine
831 2236 886 2285 fun·

244 2312 362 2351 amento.
518 2326 522 2331 ·
550 2308 552 2313 '

254 2362 325 2422 Resp.
341 2377 364 2421 4.
379 2362 498 2411 Remedia
506 2362 665 2415 Conscientia
682 2360 823 2420 scrupulose
833 2360 887 2408 sunt

226 2420 249 2470 I·
267 2422 397 2481 scrupulos
413 2433 594 2482 contemnere,
609 2433 697 2470 contra
719 2425 777 2469 iilos
793 2435 864 2481 agere
881 2452 887 2479 ,

225 2498 272 2532 nec
296 2483 446 2541 cogitatione
468 2483 572 2531 sovere-
597 2483 629 2529 11.
646 2483 742 2542 Judicio
767 2482 887 2533 Confessa-

227 2546 278 2604 rii,
294 2545 334 2593 vel
352 2543 452 2591 alterins
468 2545 517 2592 viri
532 2543 614 2602 doni,
630 2557 657 2591 ac
673 2543 707 2603 pii
723 2543 887 2602 acquiescere,

225 2620 278 2655 non
295 2604 442 2654 recurrendo
458 2605 488 2651 ad
504 2619 561 2654 eum
577 2605 601 2650 in
618 2602 887 2663 immunitionibus,

226 2665 259 2714 sic
273 2666 341 2715 enim
357 2664 404 2724 se,
422 2667 445 2714 dc
460 2665 533 2715 ilium
550 2664 656 2724 fatigant
671 2696 686 2724 ‚,
701 2681 756 2713 cnm
772 2665 887 2724 scrupula

227 2742 284 2777 rum
302 2728 470 2786 incremento,
489 2724 529 2774 sed
545 2727 686 2786 accipiendo
702 2728 733 2774 ab
749 2741 779 2773 eo
795 2741 887 2785 genera-

227 2788 264 2836 lia
279 2787 419 2847 principia,
434 2787 549 2848 aquibus
565 2787 655 2836 nullius
672 2786 779 2848 scrupuli
801 2787 870 2835 causa
885 2820 888 2830 .

226 2848 308 2914 immo
322 2850 394 2897 nullo
408 2848 483 2897 modo
498 2848 612 2899 recedat.
637 2848 687 2897 Etfi
703 2851 770 2897 enim
785 2848 888 2897 alternn·

228 2922 312 2958 errare
331 2909 506 2969 contingeret:
529 2911 588 2969 qnia
608 2919 691 2959 tamen
716 2909 762 2957 boc
779 2908 886 2959 faciendi

214 2970 297 3029 agit,
311 2969 376 3041 quod
392 2970 419 3017 in
434 2969 458 3017 se
471 2970 524 3029 est,
540 2986 590 3019 non
608 2969 732 3030 peccabit·
751 2968 797 3018 111.
813 2970 888 3018 Bono·

227 3045 285 3080 aum
300 3041 377 3078 vitam
393 3061 401 3089 ,
416 3033 439 3079 de
454 3030 651 3080 consuetudinem
669 3060 678 3087 ‚
694 3039 735 3078 tan
754 3043 809 3078 uam
826 3046 888 3091 regu*

228 3092 302 3149 lam,
316 3091 425 3141 intueri·
442 3090 466 3138 S·
481 3094 540 3141 Ant.
558 3093 626 3155 Sylv·
646 3090 688 3139 lv.
703 3091 723 3139 Α
744 3089 854 3140 nefacere
872 3092 888 3139 se

219 3152 259 3197 ad
271 3151 408 3210 sequendas
424 3152 558 3203 sententias
575 3153 685 3201 mitiores
700 3182 708 3211 ,
724 3153 746 3201 ἃ
762 3151 844 3200 minus
860 3163 888 3201 et·

201 3207 368 3269 lautum,
389 3215 454 3267 ani.
470 3229 492 3271 c.
510 3229 535 3280 4.
550 3232 577 3279 ρ.
599 3227 651 3270 122·
669 3214 703 3266 V.
717 3227 773 3267 non
792 3209 888 3317 indiegi·

810 3287 856 3335 qni
870 3295 882 3310 ·
